@Article{Braff:12,
author ="Braff, William A. and Pignier, Alexandre and Buie, Cullen R.",
title  ="High sensitivity three-dimensional insulator-based dielectrophoresis",
journal  ="Lab Chip",
year  ="2012",
volume  ="12",
issue  ="7",
pages  ="1327-1331",
publisher  ="The Royal Society of Chemistry",
doi  ="10.1039/C2LC21212A",
url  ="http://dx.doi.org/10.1039/C2LC21212A",
abstract  =""}

@article{cheri2014,
  title={Focusing and continuous separation of microparticles by insulator-based dielectrophoresis (iDEP) in stair-shaped microchannel},
  author={Cheri, Mohammad Sadegh and Latifi, Hamid and Khashei, Hesamodin and Seresht, Mohsen Jamshidi},
  journal={Electrophoresis},
  volume={35},
  number={24},
  pages={3523--3532},
  year={2014},
  publisher={Wiley Online Library}
}
@article{martinez2009,
  title={Characterization of electrokinetic mobility of microparticles in order to improve dielectrophoretic concentration},
  author={Mart{\'\i}nez-L{\'o}pez, Jos{\'e} I and Moncada-Hern{\'a}ndez, H{\'e}ctor and Baylon-Cardiel, Javier L and Mart{\'\i}nez-Chapa, Sergio O and Rito-Palomares, Marco and Lapizco-Encinas, Blanca H},
  journal={Analytical and bioanalytical chemistry},
  volume={394},
  number={1},
  pages={293--302},
  year={2009},
  publisher={Springer}
}
@article{mark2010,
  title={Microfluidic lab-on-a-chip platforms: requirements, characteristics and applications},
  author={Mark, Daniel and Haeberle, Stefan and Roth, G{\"u}nter and von Stetten, Felix and Zengerle, Roland},
  journal={Chemical Society Reviews},
  volume={39},
  number={3},
  pages={1153--1182},
  year={2010},
  publisher={Royal Society of Chemistry}
}
@article{srivastava2011,
  title={DC insulator dielectrophoretic applications in microdevice technology: a review},
  author={Srivastava, Soumya K and Gencoglu, Aytug and Minerick, Adrienne R},
  journal={Analytical and bioanalytical chemistry},
  volume={399},
  number={1},
  pages={301--321},
  year={2011},
  publisher={Springer}
}

@article{pethig1997,
  title={Applications of dielectrophoresis in biotechnology},
  author={Pethig, Ronald and Markx, Gerard H},
  journal={Trends in biotechnology},
  volume={15},
  number={10},
  pages={426--432},
  year={1997},
  publisher={Elsevier}
}

